<record><leader>00000cas a22000007a 4500</leader><controlfield tag="001">13726504</controlfield><controlfield tag="008">860613d185u1858tnudr ne      0   a0eng d</controlfield><datafield ind1=" " ind2=" " tag="010"><subfield code="a">sn 86053491 </subfield></datafield><datafield ind1=" " ind2=" " tag="040"><subfield code="a">NPX</subfield><subfield code="b">eng</subfield><subfield code="c">NPX</subfield><subfield code="d">TGN</subfield><subfield code="d">OCL</subfield><subfield code="d">OCLCQ</subfield><subfield code="d">OCLCF</subfield><subfield code="d">OCLCO</subfield><subfield code="d">DLC</subfield></datafield><datafield ind1=" " ind2=" " tag="012"><subfield code="l">1</subfield></datafield><datafield ind1="1" ind2=" " tag="022"><subfield code="a">2574-2744</subfield><subfield code="2">1</subfield></datafield><datafield ind1=" " ind2=" " tag="042"><subfield code="a">msc</subfield><subfield code="a">nsdp</subfield></datafield><datafield ind1=" " ind2=" " tag="043"><subfield code="a">n-us-tn</subfield></datafield><datafield ind1="1" ind2="0" tag="050"><subfield code="a">ISSN RECORD</subfield></datafield><datafield ind1=" " ind2="0" tag="222"><subfield code="a">Memphis eagle and enquirer</subfield></datafield><datafield ind1="0" ind2="0" tag="245"><subfield code="a">Memphis eagle and enquirer.</subfield></datafield><datafield ind1="1" ind2=" " tag="246"><subfield code="a">Eagle and enquirer</subfield></datafield><datafield ind1=" " ind2=" " tag="260"><subfield code="a">Memphis, Tenn. :</subfield><subfield code="b">Franklin Typographical Union</subfield></datafield><datafield ind1=" " ind2=" " tag="300"><subfield code="a">v.</subfield></datafield><datafield ind1=" " ind2=" " tag="310"><subfield code="a">Daily</subfield></datafield><datafield ind1="1" ind2=" " tag="362"><subfield code="a">Ceased with June 30, 1858 issue.</subfield><subfield code="z">Cf. Gregory, W. Amer. newspapers.</subfield></datafield><datafield ind1=" " ind2=" " tag="588"><subfield code="a">Description based on: Vol. 22, no. 154 (Sept. 15, 1857).</subfield></datafield><datafield ind1=" " ind2="0" tag="651"><subfield code="a">Memphis (Tenn.)</subfield><subfield code="v">Newspapers.</subfield></datafield><datafield ind1=" " ind2="0" tag="651"><subfield code="a">Shelby County (Tenn.)</subfield><subfield code="v">Newspapers.</subfield></datafield><datafield ind1=" " ind2="7" tag="651"><subfield code="a">Tennessee</subfield><subfield code="z">Memphis.</subfield><subfield code="2">fast</subfield><subfield code="0">(OCoLC)fst01204194</subfield></datafield><datafield ind1=" " ind2="7" tag="651"><subfield code="a">Tennessee</subfield><subfield code="z">Shelby County.</subfield><subfield code="2">fast</subfield><subfield code="0">(OCoLC)fst01209894</subfield></datafield><datafield ind1=" " ind2="7" tag="655"><subfield code="a">Newspapers.</subfield><subfield code="2">fast</subfield><subfield code="0">(OCoLC)fst01423814</subfield></datafield><datafield ind1=" " ind2=" " tag="752"><subfield code="a">United States</subfield><subfield code="b">Tennessee</subfield><subfield code="c">Shelby</subfield><subfield code="d">Memphis.</subfield></datafield><datafield ind1="0" ind2=" " tag="775"><subfield code="t">Tri-weekly eagle and enquirer</subfield><subfield code="w">(DLC)sn 86071399</subfield></datafield><datafield ind1="0" ind2=" " tag="775"><subfield code="t">Memphis weekly eagle and enquirer</subfield><subfield code="w">(DLC)sn 86071113</subfield></datafield><datafield ind1="0" ind2="0" tag="780"><subfield code="t">Memphis daily eagle and enquirer</subfield><subfield code="x">2574-2760</subfield><subfield code="w">(DLC)sn 83025720</subfield><subfield code="w">(OCoLC)9756453</subfield></datafield><datafield ind1="0" ind2="0" tag="785"><subfield code="t">Memphis morning enquirer</subfield><subfield code="x">2574-2736</subfield><subfield code="w">(DLC)sn 86071121</subfield><subfield code="w">(OCoLC)13176417</subfield></datafield><datafield ind1="1" ind2=" " tag="029"><subfield code="a">AU@</subfield><subfield code="b">000020236003</subfield></datafield></record>